<?xml version="1.0" encoding="UTF-8"?><collection xmlns="http://www.loc.gov/MARC21/slim"><record><leader>00568nam--2200133-i-4500</leader><controlfield tag="001">000008792</controlfield><controlfield tag="002">20161230</controlfield><controlfield tag="005">20170207225730</controlfield><controlfield tag="008">060222s1000------------r-----000-0-eng-d</controlfield><datafield ind1=" " ind2=" " tag="245"><subfield code="a">Colloque international sur l electronique nucleaire. Organise par la societe francaise des electroniciens et de radioelectriciens aavec la participation de l union internationale de physique pure et appliquee, sous la presidence d honneur de Mr.Francis</subfield></datafield><datafield ind1=" " ind2=" " tag="260"><subfield code="a">Paris</subfield><subfield code="b">La Documentation Francaise</subfield><subfield code="c">1968</subfield></datafield><datafield ind1=" " ind2=" " tag="300"><subfield code="a">/P.Dif.</subfield></datafield><datafield ind1=" " ind2=" " tag="852"><subfield code="a">539.1.07:621.38</subfield></datafield><datafield ind1=" " ind2=" " tag="CAT"><subfield code="a">SYS</subfield><subfield code="c">20170207</subfield><subfield code="h">225730</subfield></datafield></record></collection>